NY000010000080802680043001319360000000000000000000000000000000000000000000000000
NY090020001176468000000170586360610000000000000000000000000000000000000000000000
NY09133000000012509138025117743000000000000025000                005193248000000
NY091331000000100000000004290451580000000240913429012417610000000000000000000000
NY09133000000022509138025117743000000000000050000                005264411000000
NY091331000000200000000008317593430000000250913831712607040000000000000000000000
NY09133000000032509138025117743000000000000025000                005264742000000
NY091331000000300000000004358829360000000240913435810590520000000000000000000000
NY09133000000042509138025117743000000000000050000                005271192000000
NY091331000000400000000003625593430000000250913363310506490000000000000000000000
NY09133000000052509138025117743000000000000050000                005274014000000
NY091331000000500000000007976109180000000250913054075140430000000000000000000000
NY09133000000062509138025117743000000000000025000                005303938000000
NY091331000000600000000009710593600000000250913971031718260000000000000000000000
NY09133000000072509138025117743000000000000025000                005303946000000
NY091331000000700000000007976101440000000240913053481868430000000000000000000000
NY09133000000082509138025117743000000000000025000                005308721000000
NY091331000000800000000007976206790000000240913162712767570000000000000000000000
NY09133000000092509138025117743000000000000050000                005337381000000
NY091331000000900000000003201491520000000240913333305705180000000000000000000000
NY09133000000102509138025117743000000000000025000                005342472000000
NY091331000001000000000007976200260000000240913702910128230000000000000000000000
NY09133000000112509138025117743000000000000050000                005352992000000
NY091331000001100000000009775491520000000240913977521270970000000000000000000000
NY09133000000122509138025117743000000000000030000                005354394000000
NY091331000001200000000009713593600000000250913971316865480000000000000000000000
NY09133000000132509138025117743000000000000035000                005355441000000
NY091331000001300000000004201593430000000250913443511865070000000000000000000000
NY09133000000142509138025117743000000000000050000                005359146000000
NY091331000001400000000003625593430000000250913362608010790000000000000000000000
NY09133000000152509138025117743000000000000050000                005362918000000
NY091331000001500000000003030491520000000240913303026805890000000000000000000000
NY09133000000162509138025117743000000000000050000                005364740000000
NY091331000001600000000003995491520000000240913399204972960000000000000000000000
NY09133000000172509138025117743000000000000050000                005369582000000
NY091331000001700000000004266430840000000240913426615333010000000000000000000000
NY09133000000182509138025117743000000000000010000                005379169000000
NY091331000001800000000004280823840000000240913428010255570000000000000000000000
NY09133000000192509138025117743000000000000020000                005397823000000
NY091331000001900000000003001593430000000250913305020560490000000000000000000000
NY09133000000202509138025117743000000000000025000                005398177000000
NY091331000002000000000003625593430000000250913350610188730000000000000000000000
NY09133000000212509138025117743000000000000020000                005402144000000
NY091331000002100000000000854767330000000240913655012531240000000000000000000000
NY09133000000222509138025117743000000000000020000                005402730000000
NY091331000002200000000000854450590000000240913610513550310000000000000000000000
NY09133000000232509138025117743000000000000070000                005432927000000
NY091331000002300000000002220491520000000240913222004820380000000000000000000000
NY09133000000242509138025117743000000000000020000          000845005331895000000
NY091331000002400000000007976207050000000250913536510234630000000000000000000000
NY09133000000252509138025117743000000000000010000          022391003506497000000
NY091331000002500000000003205589250000000250913320530242450000000000000000000000
NY09153000000262509138025117743000000000000030000          022990005323387000000
NY091531000002626811151214056593420000000250913405610045620000000000000000000000
NY09153000000272509138025117743000000000000010000          023476005327866000000
NY091531000002726811000433760593420000000250913376058510110000000000000000000000
NY09153000000282509138025117743000000000000080000          023512005323842000000
NY091531000002800000000001321316890000000250913132110110970000000000000000000000
NY09153000000292509138025117743000000000000100000          024028005322402000000
NY091531000002926810637772480593420000000250913248011079890000000000000000000000
NY09153000000302509138025117743000000000000010000          024882005326908000000
NY091531000003026810086152800593420000000250913280010506070000000000000000000000
NY09133000000312509138025117743000000000000030000          025356005330797000000
NY091331000003100000000003201491520000000240913323022558990000000000000000000000
NY09153000000322509138025117743000000000000025000          025783005322047000000
NY091531000003226810423129710593610000000250913971042485390000000000000000000000
NY09133000000332509138025117743000000000000030000          026039005216922000000
NY091331000003300000000002351884940000000240913235110653130000000000000000000000
NY09153000000342509138025117743000000000000010000          026275005325418000000
NY091531000003400000012877976208450000000250913114510918420000000000000000000000
NY09153000000352509138025117743000000000000020000          026416005328172000000
NY091531000003500000034157976206130000000250913053619417230000000000000000000000
NY09153000000362509138025117743000000000000020000          026621005327195000000
NY091531000003626810496073411593420000000250913341132294480000000000000000000000
NY09153000000372509138025117743000000000000025000          027197005322246000000
NY091531000003700000000001280967270000000250913128011311800000000000000000000000
NY09153000000382509138025117743000000000000010000          028323005325372000000
NY091531000003826810053241080593420000000250913108022540700000000000000000000000
NY09133000000392509138025117743000000000000030000          028598005438602000000
NY091331000003900000000009055491520000000240913952118253840000000000000000000000
NY09153000000402509138025117743000000000000030000          030165005327734000000
NY091531000004026811675669656593420000000250913965625294190000000000000000000000
NY09153000000412509138025117743000000000000005000          030194005324301000000
NY091531000004126810862503201593420000000250913320133283300000000000000000000000
NY09153000000422509138025117743000000000000025000          030197005324445000000
NY091531000004200000000002901413120000000250913290111491280000000000000000000000
NY09103000000432509138025906676000000000000050000                005180880000000
NY091031000004362567766140990782030000000250913220010142030000000000000000000000
NY09103000000442509138025906676000000000000025000                005267414000000
NY091031000004462503926250943371920000000250913320110147110000000000000000000000
NY09103000000452509138025906676000000000000010000                005276597000000
NY091031000004562504032450990996240000000250913103008347820000000000000000000000
NY09103000000462509138025906676000000000000025000                005294707000000
NY091031000004662504029350943200820000000250913724310515920000000000000000000000
NY09103000000472509138025906676000000000000025000                005302922000000
NY091031000004762501536590943270430000000250913602210308880000000000000000000000
NY09103000000482509138025906676000000000000020000                005346929000000
NY091031000004862595310220990691440000000250913333524109050000000000000000000000
NY09103000000492509138025906676000000000000010000                005360441000000
NY091031000004962595303350990764110000000250913053382861140000000000000000000000
NY09133000000502509138025906676000000000000050000                005362447000000
NY091331000005000000000007001011640000000250913838924683810000000000000000000000
NY09103000000512509138025906676000000000000025000                005364203000000
NY091031000005162595320800943370800000000250913053965042020000000000000000000000
NY09103000000522509138025906676000000000000050000                005365242000000
NY091031000005262595301680990791950000000250913054097106800000000000000000000000
NY09103000000532509138025906676000000000000030000                005372198000000
NY091031000005362595317330943254740000000250913201010161890000000000000000000000
NY09103000000542509138025906676000000000000050000                005372412000000
NY091031000005462595327230990705870000000250913352010950910000000000000000000000
NY09133000000552509138025906676000000000000025000                005375712000000
NY091331000005500000000002280591510000000250913203062159150000000000000000000000
NY09103000000562509138025906676000000000000025000                005408711000000
NY091031000005662595331430990727730000000250913513010460690000000000000000000000
NY09133000000572509138025906676000000000000150000                005413398000000
NY091331000005700000000002880105240000000250913288010191470000000000000000000000
NY09103000000582509138025906676000000000000020000                005417704000000
NY091031000005862564756490990851860000000250913320520196120000000000000000000000
NY09103000000592509138025906676000000000000025000                005424999000000
NY091031000005962563560820943313640000000250913053964283870000000000000000000000
NY09133000000602509138025906676000000000000010000                005428636000000
NY091331000006000000000007976145500000000250913838012198480000000000000000000000
NY09103000000612509138025906676000000000000020000                005431242000000
NY091031000006162564752280943174330000000250913053201206420000000000000000000000
NY09103000000622509138025906676000000000000010000          000494005330761000000
NY091031000006262515463930990996770000000250913352010439030000000000000000000000
NY09103000000632509138025906676000000000000020000          030149005328843000000
NY091031000006362515468290990709030000000250913320630312580000000000000000000000
NY09133000000642509138025980082000000000000100000                004812657000000
NY091331000006400000000007976116990000000250913733412086260000000000000000000000
NY09103000000652509138025980082000000000000025000                005346234000000
NY091031000006562596504430942503300000000230913310852029200000000000000000000000
NY09133000000662509138025980082000000000000025000                005365705000000
NY091331000006600000000002699532280000000250913269941331000000000000000000000000
NY09103000000672509138025980082000000000000030000                005379359000000
NY091031000006762504033510942602680000000240913965625144970000000000000000000000
NY09133000000682509138025980082000000000000020000                005395678000000
NY091331000006800000000008902591520000000250913890211251810000000000000000000000
NY09103000000692509138025980082000000000000075000                005401310000000
NY091031000006962596499270942871940000000240913248007230150000000000000000000000
NY09103000000702509138025980082000000000000030000                005415963000000
NY091031000007062564755200942663340000000240913248004295240000000000000000000000
NY09103000000712509138025980082000000000000050000                005425897000000
NY091031000007162563552850942815180000000240913656610152540000000000000000000000
NY09103000000722509138025980082000000000000010000          026826005331747000000
NY091031000007262515462950942813120000000240913399107599770000000000000000000000
NY09103000000732509138025993375000000000000030000                005257217000000
NY091031000007362504039890990897530000000250913212020280520000000000000000000000
NY09103000000742509138025993375000000000000025000                005263397000000
NY091031000007462503928990942814010000000240913363850455430000000000000000000000
NY09103000000752509138025993375000000000001000000                005266077000000
NY091031000007562527389230942620430000000240913053269201440000000000000000000000
NY09133000000762509138025993375000000000000100000                005268081000000
NY091331000007600000000003625591520000000250913345036334280000000000000000000000
NY09103000000772509138025993375000000000000050000                005271168000000
NY091031000007762530096240943093000000000240913974153099730000000000000000000000
NY09133000000782509138025993375000000000000025000                005272018000000
NY091331000007800000000003625591520000000250913349510021450000000000000000000000
NY09103000000792509138025993375000000000000050000                005274659000000
NY091031000007962530101730990830330000000250913420012565260000000000000000000000
NY09103000000802509138025993375000000000000025000                005278346000000
NY091031000008062501427160943118380000000240913120184419670000000000000000000000
NY09103000000812509138025993375000000000000025000                005304373000000
NY091031000008162503921590942899650000000240913333021098560000000000000000000000
NY09103000000822509138025993375000000000000025000                005310321000000
NY091031000008262530098740942734520000000240913450051825850000000000000000000000
NY09103000000832509138025993375000000000000025000                005335005000000
NY091031000008362596508140943040630000000240913248010616790000000000000000000000
NY09103000000842509138025993375000000000000100000                005338306000000
NY091031000008462595331960942659730000000240913898110244660000000000000000000000
NY09103000000852509138025993375000000000000030000                005342399000000
NY091031000008562596501700942769590000000240913160050941120000000000000000000000
NY09103000000862509138025993375000000000000025000                005351945000000
NY091031000008662595305260942909930000000240913341123961380000000000000000000000
NY09103000000872509138025993375000000000000050000                005353263000000
NY091031000008762596528220943016200000000240913327010550620000000000000000000000
NY09103000000882509138025993375000000000000050000                005356316000000
NY091031000008862596516400942912310000000240913334420164400000000000000000000000
NY09133000000892509138025993375000000000000025000                005381249000000
NY091331000008900000000003240591520000000250913324042496130000000000000000000000
NY09103000000902509138025993375000000000000020000                005381470000000
NY091031000009062596537510990827780000000250913631912244520000000000000000000000
NY09103000000912509138025993375000000000000100000                005396700000000
NY091031000009162595310460942916420000000240913053982768000000000000000000000000
NY09103000000922509138025993375000000000000025000                005401203000000
NY091031000009262503929100942991850000000240913053962520680000000000000000000000
NY09103000000932509138025993375000000000000050000                005407523000000
NY091031000009362596506180990879850000000250913187042121070000000000000000000000
NY09103000000942509138025993375000000000000020000                005421664000000
NY091031000009462563552390942583850000000240913054072617140000000000000000000000
NY09133000000952509138025993375000000000000012500                005424874000000
NY091331000009500000000004201591520000000250913434210229500000000000000000000000
NY09133000000962509138025993375000000000000050000                005428057000000
NY091331000009600000000007976120340000000250913053583962850000000000000000000000
NY09103000000972509138025993375000000000000010000                005433693000000
NY091031000009762563555290942877500000000240913054036990490000000000000000000000
NY09103000000982509138025993375000000000000050000          001562005329477000000
NY091031000009862515462370942783140000000240913162310020180000000000000000000000
NY09103000000992509138025993375000000000000024000          001695005224106000000
NY091031000009962515464790942606060000000240913053058333220000000000000000000000
NY09103000001002509138025993375000000000000024000          001695005329863000000
NY091031000010062515468630942606050000000240913053058333220000000000000000000000
NY09103000001012509138025993375000000000000020000          024512005331513000000
NY091031000010162515463160942842600000000240913363310312880000000000000000000000
NY09103000001022509138025993375000000000000010000          024736005225249000000
NY091031000010262512890640943028310000000240913952118327630000000000000000000000
NY09133000001032509138025993375000000000000030000          027491005330691000000
NY091331000010300000000002610591520000000250913266510372700000000000000000000000
NY09103000001042509138025993375000000000000010000          028976005331250000000
NY091031000010462515463420943107230000000240913309017105180000000000000000000000
NY09103000001052509138025993375000000000000025000          030479005329065000000
NY091031000010562515468070942877570000000240913054036990490000000000000000000000
NY09103000001062509138025993375000000000000020000          030621005330169000000
NY091031000010662515464530942845900000000240913053422114980000000000000000000000
NY090088000001060000021400000000004550600250913250913250913000000000000000000000
NY000089000001060000021600000000004550500250913000000000000000000000000000000000
